 

@book{Gut2005-GUTPAG,
author = {Allan Gut},
publisher = {Springer},
title = {Probability: A Graduate Course},
year = {2005}
}


@book{Folland,
author = {Folland, G. B.},
address = {New York},
title = {Real analysis: modern techniques and their applications},
publisher = {Wiley},
year = {1984},
}

@book{Roussas,
	author = {Roussas, G.G.},
	title = {Introduction to measure-theoretic probability},
	publisher = {Elsevier},
	year = {2005},
}

@book{Silverman86,
  added-at = {2007-02-27T16:22:09.000+0100},
  address = {London},
  author = {Silverman, B. W.},
  biburl = {https://www.bibsonomy.org/bibtex/25c3b630fb0a76da55942a77551fde8a2/pierpaolo.pk81},
  description = {WSD},
  interhash = {caf150ab6a2f46dfe3f0e74864480d03},
  intrahash = {5c3b630fb0a76da55942a77551fde8a2},
  keywords = {imported},
  publisher = {Chapman \& Hall},
  timestamp = {2007-02-27T16:22:14.000+0100},
  title = {Density Estimation for Statistics and Data Analysis},
  year = 1986
}

@book{Maga,
title   = {Probabilidade e variáveis aleatórias},
author = {Magalhães, Marcos Nascimento},
year = {2004},
publisher = {IME-USP}
}

@book{dolce2013fundamentos,
  title={Fundamentos de matem{\'a}tica elementar - Volume 9: Geometria plana},
  author={Dolce, O. and Pompeo, J.N.},
  year={2013},
  publisher={Atual Did{\'a}ticos}
}




